<?xml version="1.0" encoding="UTF-8"?><collection xmlns="http://www.loc.gov/MARC21/slim"><record><leader>00414nam--2200121-i-4500</leader><controlfield tag="001">000045510</controlfield><controlfield tag="002">20161230</controlfield><controlfield tag="005">20161230201045</controlfield><controlfield tag="008">060222s1000------------r-----000-0-eng-d</controlfield><datafield ind1=" " ind2=" " tag="080"><subfield code="a">62-23(061.3)</subfield></datafield><datafield ind1=" " ind2=" " tag="245"><subfield code="a">Tribotehnica`82. conferinta specialistilor in frecare, ungere, uzare. vol.2/5:transmisii prin roti dintate. 2/6:procese tehnologice si aspecte metalurgice</subfield></datafield><datafield ind1=" " ind2=" " tag="260"><subfield code="a">Ploiesti, Ipg, 1982. 230 P</subfield></datafield><datafield ind1=" " ind2=" " tag="852"><subfield code="a">70166</subfield></datafield></record></collection>